<?xml version="1.0" encoding="UTF-8"?><collection xmlns="http://www.loc.gov/MARC21/slim"><record><leader>00372nam--2200133-i-4500</leader><controlfield tag="001">000017698</controlfield><controlfield tag="002">20161230</controlfield><controlfield tag="005">20161230201032</controlfield><controlfield tag="008">060222s1000------------r-----000-0-eng-d</controlfield><datafield ind1=" " ind2=" " tag="080"><subfield code="a">543</subfield></datafield><datafield ind1=" " ind2=" " tag="245"><subfield code="a">Advances in analytical chemistry and instrumentation</subfield></datafield><datafield ind1=" " ind2=" " tag="260"><subfield code="a">New York, Interscience Publ.Inc., 1960-</subfield></datafield><datafield ind1=" " ind2=" " tag="700"><subfield code="a">Cherles N.Reilley And Fred W.Mclafferty</subfield></datafield><datafield ind1=" " ind2=" " tag="852"><subfield code="a">16311</subfield></datafield></record></collection>